@article{Ursell2012,
  author = {Ursell, L. K. and Metcalf, J. L. and Parfrey, L. W. and Knight, R.},
  title = {Defining the human microbiome},
  journal = {Nutrition reviews},
  year = {2012},
  volume = {70},
  number = {Suppl 1},
  pages = {S38--S44},
  url = {https://www.ncbi.nlm.nih.gov/pmc/articles}
}

@article{NIH2019,
  author = {NIH Human Microbiome Portfolio Analysis Team},
  title = {A review of 10 years of human microbiome research activities at the US National Institutes of Health, Fiscal Years 2007-2016},
  journal = {Microbiome},
  year = {2019},
  volume = {7},
  number = {1},
  pages = {31},
  doi = {10.1186/s40168-019-0620-y},
  url = {https://www.ncbi.nlm.nih.gov/pmc/articles/PMC6391833/}
}

@book{NRC2007,
  author = {National Research Council (US) Committee on Metagenomics: Challenges and Functional Applications},
  title = {The New Science of Metagenomics: Revealing the Secrets of Our Microbial Planet},
  publisher = {National Academies Press (US)},
  year = {2007},
  address = {Washington (DC)},
  url = {https://www.ncbi.nlm}
}

@online{GeneticScience2014,
  author = {Genetic Science Learning Center},
  title = {How We Study the Microbiome},
  year = {2014},
  url = {https://learn.genetics.utah.edu/},
  note = {Retrieved April 08, 2019}
}

@article{Land2015,
  author = {Land, M. and Hauser, L. and Jun, S. R. and Nookaew, I. and Leuze, M. R. and Ahn, T. H. and Ussery, D. W.},
  title = {Insights from 20 years of bacterial genome sequencing},
  journal = {Functional \& integrative genomics},
  year = {2015},
  volume = {15},
  number = {2},
  pages = {141--161},
  doi = {10.1007/s10142-015-0433-4},
  url = {https://www.ncbi.nlm.nih.gov/pmc/articles/PMC4361730/}
}

@article{Wang2009,
  author = {Wang, Z. and Gerstein, M. and Snyder, M.},
  title = {RNA-Seq: a revolutionary tool for transcriptomics},
  journal = {Nature reviews. Genetics},
  year = {2009},
  volume = {10},
  number = {1},
  pages = {57--63},
  doi = {10.1038/nrg2484},
  url = {https://www.ncbi.nlm.nih.gov/pmc/articles/PMC2949280/}
}

@article{Bashiardes2016,
  author = {Bashiardes, S. and Zilberman-Schapira, G. and Elinav, E.},
  title = {Use of Metatranscriptomics in Microbiome Research},
  journal = {Bioinformatics and biology insights},
  year = {2016},
  volume = {10},
  pages = {19--25},
  doi = {10.4137/BBI.S34610},
  url = {https://www.ncbi.nlm.nih.gov/pmc/articles/}
}

@article{Watts2017,
  author = {Watts, G. S. and Youens-Clark, K. and Slepian, M. J. and Wolk, D. M. and Oshiro, M. M. and Metzger, G. S. and Hurwitz, B. L.},
  title = {16S rRNA gene sequencing on a benchtop sequencer: accuracy for identification of clinically important bacteria},
  journal = {Journal of applied microbiology},
  year = {2017},
  volume = {123},
  number = {6},
  pages = {1584--1596},
  doi = {10.1111/jam.13590},
  url = {https://www.ncbi.nlm.nih.gov/pmc/articles/PMC5765505/}
}

@article{Koonin2014,
  author = {Koonin, E. V.},
  title = {Carl Woeseâ€™s vision of cellular evolution and the domains of life},
  journal = {RNA biology},
  year = {2014},
  volume = {11},
  number = {3},
  pages = {197--204},
  doi = {10.4161/rna.27673},
  url = {https://www.igb.illinois.edu/people/}
}

@article{Li2017,
  author = {Li, X. and Brock, G. N. and Rouchka, E. C. and Cooper, N. and Wu, D. and O'Toole, T. E. and Rai, S. N.},
  title = {A comparison of per sample global scaling and per gene normalization methods for differential expression analysis of RNA-seq data},
  journal = {PloS one},
  year = {2017},
  volume = {12},
  number = {5},
  pages = {e0176185},
  doi = {10.1371/journal.pone.0176185},
  url = {https://bmcbioinformatics.biomedcentral.com/track/pdf/10.1186/1471-2105-14-91}
}

@online{HighQualityRibosomal,
  title = {High Quality Ribosomal RNA Database},
  year = {n.d.},
  url = {https://www.arb-silva.de/documentation}
}
